<?xml version="1.0" encoding="UTF-8"?>
<collection xmlns:xsi="http://www.w3.org/2001/XMLSchema-instance" xsi:schemaLocation="http://www.loc.gov/MARC21/slim http://www.loc.gov/standards/marcxml/schema/MARC21slim.xsd" xmlns="http://www.loc.gov/MARC21/slim">
<record>
  <leader>01270cam a2200289 a 4500</leader>
  <controlfield tag="001">3068064</controlfield>
  <controlfield tag="003">NNC</controlfield>
  <controlfield tag="005">20130426015230.0</controlfield>
  <controlfield tag="008">910111s1908    ae       b    001 0caraod</controlfield>
  <datafield tag="035" ind1=" " ind2=" ">
    <subfield code="a">(OCoLC)ocm22950895</subfield>
  </datafield>
  <datafield tag="035" ind1=" " ind2=" ">
    <subfield code="9">ATP0489CU</subfield>
  </datafield>
  <datafield tag="035" ind1=" " ind2=" ">
    <subfield code="a">(NNC)3068064</subfield>
  </datafield>
  <datafield tag="040" ind1=" " ind2=" ">
    <subfield code="a">CLE</subfield>
    <subfield code="c">CLE</subfield>
    <subfield code="d">OCL</subfield>
    <subfield code="d">ZCU</subfield>
  </datafield>
  <datafield tag="043" ind1=" " ind2=" ">
    <subfield code="a">f-ae---</subfield>
  </datafield>
  <datafield tag="099" ind1=" " ind2=" ">
    <subfield code="a">893.7112</subfield>
    <subfield code="a">M293</subfield>
  </datafield>
  <datafield tag="100" ind1="1" ind2=" ">
    <subfield code="a">Ibn Maryam al-Sharīf al-Malītī al-Madyūnī al-Tilimsānī, Muḥammad ibn Muḥammad ibn Aḥmad,</subfield>
    <subfield code="d">active 17th century.</subfield>
  </datafield>
  <datafield tag="245" ind1="1" ind2="3">
    <subfield code="a">al-Bustān fī dhikr al-awliyāʾ wa-al-ʻulamāʾ bi-Tilimsān /</subfield>
    <subfield code="c">taʾlīf Abī ʻAbd Allāh Muḥammad ibn Muḥammad ibn Aḥmad, al-mulaqqab bi-Ibn Maryam al-Sharīf al-Malīfī al-Madyūnī al-Tilimsānī ; waqafa ʻalá ṭabʻihi wa-iʻtaná bi-murājaʻat aṣlihi Muḥammad ibn Abī Shanab.</subfield>
  </datafield>
  <datafield tag="260" ind1=" " ind2=" ">
    <subfield code="a">al-Jazāʾir :</subfield>
    <subfield code="b">al-Maṭbaʻah al-Thaʻālibīyah,</subfield>
    <subfield code="c">1908.</subfield>
  </datafield>
  <datafield tag="300" ind1=" " ind2=" ">
    <subfield code="a">315, 65 p. ;</subfield>
    <subfield code="c">25 cm.</subfield>
  </datafield>
  <datafield tag="504" ind1=" " ind2=" ">
    <subfield code="a">Includes bibliographical references and indexes.</subfield>
  </datafield>
  <datafield tag="650" ind1=" " ind2="0">
    <subfield code="a">Muslims</subfield>
    <subfield code="z">Algeria</subfield>
    <subfield code="v">Biography.</subfield>
  </datafield>
  <datafield tag="651" ind1=" " ind2="0">
    <subfield code="a">Tlemcen (Algeria)</subfield>
    <subfield code="v">Biography.</subfield>
  </datafield>
  <datafield tag="651" ind1=" " ind2="0">
    <subfield code="a">Algeria</subfield>
    <subfield code="v">Biography.</subfield>
  </datafield>
  <datafield tag="650" ind1=" " ind2="0">
    <subfield code="a">Muslim saints</subfield>
    <subfield code="z">Algeria.</subfield>
  </datafield>
  <datafield tag="650" ind1=" " ind2="0">
    <subfield code="a">Muslim scholars</subfield>
    <subfield code="z">Algeria.</subfield>
  </datafield>
  <datafield tag="700" ind1="1" ind2=" ">
    <subfield code="a">Bin Abī Shanab, Muḥammad.</subfield>
  </datafield>
  <datafield tag="955" ind1=" " ind2=" ">
    <subfield code="b">0040277879</subfield>
    <subfield code="d">glx</subfield>
    <subfield code="e">893.7112 M293</subfield>
  </datafield>
</record>
</collection>